<record><leader>00000cas a2200000 a 4500</leader><controlfield tag="001">9472812</controlfield><controlfield tag="008">830503d18541857maudn ne      0    0eng c</controlfield><datafield ind1=" " ind2=" " tag="010"><subfield code="a">sn 83045069 </subfield></datafield><datafield ind1=" " ind2=" " tag="040"><subfield code="a">CRL</subfield><subfield code="b">eng</subfield><subfield code="c">CRL</subfield><subfield code="d">NPW</subfield><subfield code="d">NPX</subfield><subfield code="d">DLC</subfield><subfield code="d">MGN</subfield><subfield code="d">DLC</subfield><subfield code="d">OCLCG</subfield><subfield code="d">KRTAS</subfield><subfield code="d">OCLCQ</subfield><subfield code="d">OCLCF</subfield><subfield code="d">OCLCO</subfield></datafield><datafield ind1="1" ind2=" " tag="029"><subfield code="a">AU@</subfield><subfield code="b">000020266164</subfield></datafield><datafield ind1=" " ind2=" " tag="042"><subfield code="a">pcc</subfield></datafield><datafield ind1=" " ind2=" " tag="043"><subfield code="a">n-us-ma</subfield></datafield><datafield ind1="0" ind2="0" tag="050"><subfield code="a">Newspaper 8160-X</subfield></datafield><datafield ind1="0" ind2="0" tag="245"><subfield code="a">Boston evening telegraph.</subfield></datafield><datafield ind1="1" ind2="7" tag="246"><subfield code="a">Boston daily evening telegraph</subfield><subfield code="f">May 21, 1855-Jan. 2, 1857</subfield></datafield><datafield ind1="1" ind2="7" tag="246"><subfield code="a">Boston daily telegraph and chronicle</subfield><subfield code="f">Jan. 3-Apr. 10, 1857</subfield></datafield><datafield ind1=" " ind2=" " tag="260"><subfield code="a">Boston [Mass.] :</subfield><subfield code="b">Williams, Morse &amp; Co.,</subfield><subfield code="c">1854-1857.</subfield></datafield><datafield ind1=" " ind2=" " tag="300"><subfield code="a">v. ;</subfield><subfield code="c">65 cm.</subfield></datafield><datafield ind1=" " ind2=" " tag="310"><subfield code="a">Daily (except Sunday)</subfield></datafield><datafield ind1="0" ind2=" " tag="362"><subfield code="a">Vol. 1, no. 8 (Oct. 5, 1854)-v. 6, no. 834 (Apr. 10, 1857).</subfield></datafield><datafield ind1=" " ind2=" " tag="500"><subfield code="a">Publisher: Telegraph Newspaper Company, 1855-1857.</subfield></datafield><datafield ind1=" " ind2=" " tag="500"><subfield code="a">Republican, &lt;1856&gt;-1857.</subfield></datafield><datafield ind1=" " ind2=" " tag="500"><subfield code="a">Editors: W.S. Robinson, &lt;1854&gt;; R. Hildreth, 1854; R. Carter, 1855; C.C. Hazewell, 1856-1857.</subfield></datafield><datafield ind1=" " ind2=" " tag="515"><subfield code="a">Issues for Jan. 3-Apr. 10, 1857 called also Chronicle v. 10, no. 1339-v. 10, no. 1420.</subfield></datafield><datafield ind1=" " ind2=" " tag="580"><subfield code="a">Morning ed.: Boston daily chronicle, 1857.</subfield></datafield><datafield ind1=" " ind2=" " tag="580"><subfield code="a">Weekly eds.: Weekly telegraph (Boston, Mass.), 1854, and: Boston weekly telegraph, 1854-1857.</subfield></datafield><datafield ind1=" " ind2="0" tag="651"><subfield code="a">Boston (Mass.)</subfield><subfield code="v">Newspapers.</subfield></datafield><datafield ind1=" " ind2="7" tag="655"><subfield code="a">Newspapers.</subfield><subfield code="2">fast</subfield><subfield code="0">(OCoLC)fst01423814</subfield></datafield><datafield ind1=" " ind2="7" tag="651"><subfield code="a">Massachusetts</subfield><subfield code="z">Boston.</subfield><subfield code="2">fast</subfield><subfield code="0">(OCoLC)fst01205012</subfield></datafield><datafield ind1="1" ind2=" " tag="700"><subfield code="a">Carter, Robert,</subfield><subfield code="d">1819-1879.</subfield></datafield><datafield ind1="1" ind2=" " tag="700"><subfield code="a">Hildreth, Richard,</subfield><subfield code="d">1807-1865.</subfield></datafield><datafield ind1=" " ind2=" " tag="752"><subfield code="a">United States</subfield><subfield code="b">Massachusetts</subfield><subfield code="c">Suffolk</subfield><subfield code="d">Boston.</subfield></datafield><datafield ind1="1" ind2=" " tag="775"><subfield code="t">Weekly telegraph (Boston, Mass.)</subfield><subfield code="w">(DLC)sn 84022231</subfield></datafield><datafield ind1="1" ind2=" " tag="775"><subfield code="t">Boston weekly telegraph</subfield><subfield code="w">(DLC)sn 84022232</subfield></datafield><datafield ind1="1" ind2=" " tag="775"><subfield code="t">Boston daily chronicle</subfield><subfield code="w">(DLC)sn 84022233</subfield></datafield><datafield ind1="0" ind2="0" tag="780"><subfield code="t">Evening telegraph (Boston, Mass.)</subfield><subfield code="w">(DLC)sn 84022225</subfield></datafield><datafield ind1="0" ind2="4" tag="785"><subfield code="t">Daily evening traveller</subfield><subfield code="w">(DLC)sn 84022235</subfield></datafield><datafield ind1=" " ind2=" " tag="938"><subfield code="a">Kirtas Technologies, Inc.</subfield><subfield code="b">KRTS</subfield><subfield code="n">736606</subfield></datafield></record>